
@misc{crassidis1996attitude,
  title={Attitude Estimation Using Modified Rodrigues Parameters},
  author={Crassidis, John L and Markiey, FL},
  year={1996},
  publisher={May}
}


@article{karlgaard2009nonsingular,
  title={Nonsingular attitude filtering using modified Rodrigues parameters},
  author={Karlgaard, Christopher D and Schaub, Hanspeter},
  journal={The Journal of the Astronautical Sciences},
  volume={57},
  number={4},
  pages={777--791},
  year={2009},
  publisher={Springer}
}

